%YAML 1.1
%TAG !u! tag:unity3d.com,2011:
--- !u!243 &-344117249206574644
AudioMixerGroupController:
  m_ObjectHideFlags: 0
  m_CorrespondingSourceObject: {fileID: 0}
  m_PrefabInstance: {fileID: 0}
  m_PrefabAsset: {fileID: 0}
  m_Name: Analyze
  m_AudioMixer: {fileID: 24100000}
  m_GroupID: 36dc979c36abf744ea3c04d4766f782b
  m_Children: []
  m_Volume: 4c5f0f19d7a533a4481621ff61a6f699
  m_Pitch: 960a248ddedfd504182fa3d5fdc3f79a
  m_Send: 00000000000000000000000000000000
  m_Effects:
  - {fileID: 7463544485227466194}
  m_UserColorIndex: 0
  m_Mute: 0
  m_Solo: 0
  m_BypassEffects: 0
--- !u!241 &24100000
AudioMixerController:
  m_ObjectHideFlags: 0
  m_CorrespondingSourceObject: {fileID: 0}
  m_PrefabInstance: {fileID: 0}
  m_PrefabAsset: {fileID: 0}
  m_Name: ProcSaber
  m_OutputGroup: {fileID: 0}
  m_MasterGroup: {fileID: 24300002}
  m_Snapshots:
  - {fileID: 24500006}
  m_StartSnapshot: {fileID: 24500006}
  m_SuspendThreshold: -80
  m_EnableSuspend: 1
  m_UpdateMode: 0
  m_ExposedParameters:
  - guid: 4c5f0f19d7a533a4481621ff61a6f699
    name: MyExposedParam
  - guid: 5f764763529b1c74abd2ecec09f5832e
    name: FXVolume
  - guid: 300c1f7fc890b744fb6bc8d08040ad19
    name: MusicVolume
  m_AudioMixerGroupViews:
  - guids:
    - c9fab135b6f2d9741aba2a840bb1c839
    - 36dc979c36abf744ea3c04d4766f782b
    - a3d6a5662ee1fe64582886e7b74a1983
    - 672f668816a1ce6409cbd41ff732a9b5
    name: View
  m_CurrentViewIndex: 0
  m_TargetSnapshot: {fileID: 24500006}
--- !u!243 &24300002
AudioMixerGroupController:
  m_ObjectHideFlags: 0
  m_CorrespondingSourceObject: {fileID: 0}
  m_PrefabInstance: {fileID: 0}
  m_PrefabAsset: {fileID: 0}
  m_Name: Master
  m_AudioMixer: {fileID: 24100000}
  m_GroupID: c9fab135b6f2d9741aba2a840bb1c839
  m_Children:
  - {fileID: -344117249206574644}
  - {fileID: 8084361353871926914}
  - {fileID: 6158796563163571016}
  m_Volume: 702c898c5a8ab92418e7afcfe403d3c9
  m_Pitch: 67e98d20107746545acfdd2d94391631
  m_Send: 00000000000000000000000000000000
  m_Effects:
  - {fileID: 24400004}
  m_UserColorIndex: 0
  m_Mute: 0
  m_Solo: 0
  m_BypassEffects: 0
--- !u!244 &24400004
AudioMixerEffectController:
  m_ObjectHideFlags: 3
  m_CorrespondingSourceObject: {fileID: 0}
  m_PrefabInstance: {fileID: 0}
  m_PrefabAsset: {fileID: 0}
  m_Name: 
  m_EffectID: 39ae8f5a429dd3e41b086e955587ed29
  m_EffectName: Attenuation
  m_MixLevel: fd39cb99e66bfa940a931aa3dc528f63
  m_Parameters: []
  m_SendTarget: {fileID: 0}
  m_EnableWetMix: 0
  m_Bypass: 0
--- !u!245 &24500006
AudioMixerSnapshotController:
  m_ObjectHideFlags: 0
  m_CorrespondingSourceObject: {fileID: 0}
  m_PrefabInstance: {fileID: 0}
  m_PrefabAsset: {fileID: 0}
  m_Name: Snapshot
  m_AudioMixer: {fileID: 24100000}
  m_SnapshotID: 79bc902c26b699743a37ad601eb9866d
  m_FloatValues:
    4c5f0f19d7a533a4481621ff61a6f699: -80
    702c898c5a8ab92418e7afcfe403d3c9: 0.10800299
    300c1f7fc890b744fb6bc8d08040ad19: 0.10800299
  m_TransitionOverrides: {}
--- !u!244 &923543198649555931
AudioMixerEffectController:
  m_ObjectHideFlags: 3
  m_CorrespondingSourceObject: {fileID: 0}
  m_PrefabInstance: {fileID: 0}
  m_PrefabAsset: {fileID: 0}
  m_Name: 
  m_EffectID: 74139c3415b767c42905e601dc23cb50
  m_EffectName: Attenuation
  m_MixLevel: 548bda98d7a680c47887fbb74c8f0faa
  m_Parameters: []
  m_SendTarget: {fileID: 0}
  m_EnableWetMix: 0
  m_Bypass: 0
--- !u!244 &5120907540208235572
AudioMixerEffectController:
  m_ObjectHideFlags: 3
  m_CorrespondingSourceObject: {fileID: 0}
  m_PrefabInstance: {fileID: 0}
  m_PrefabAsset: {fileID: 0}
  m_Name: 
  m_EffectID: 1cbfc68e6c55b6a4d8f26f56e877c038
  m_EffectName: Attenuation
  m_MixLevel: 8ca02c04fb636484e8dec1cd0514ddfa
  m_Parameters: []
  m_SendTarget: {fileID: 0}
  m_EnableWetMix: 0
  m_Bypass: 0
--- !u!243 &6158796563163571016
AudioMixerGroupController:
  m_ObjectHideFlags: 0
  m_CorrespondingSourceObject: {fileID: 0}
  m_PrefabInstance: {fileID: 0}
  m_PrefabAsset: {fileID: 0}
  m_Name: FX
  m_AudioMixer: {fileID: 24100000}
  m_GroupID: 672f668816a1ce6409cbd41ff732a9b5
  m_Children: []
  m_Volume: 5f764763529b1c74abd2ecec09f5832e
  m_Pitch: 56e1b9ed3ff543c408e095d07d878b74
  m_Send: 00000000000000000000000000000000
  m_Effects:
  - {fileID: 5120907540208235572}
  m_UserColorIndex: 0
  m_Mute: 0
  m_Solo: 0
  m_BypassEffects: 0
--- !u!244 &7463544485227466194
AudioMixerEffectController:
  m_ObjectHideFlags: 3
  m_CorrespondingSourceObject: {fileID: 0}
  m_PrefabInstance: {fileID: 0}
  m_PrefabAsset: {fileID: 0}
  m_Name: 
  m_EffectID: f86919e1b77c31c43ac7b6551c690bc6
  m_EffectName: Attenuation
  m_MixLevel: 84a8f936fe12f9e40917c813f834eb07
  m_Parameters: []
  m_SendTarget: {fileID: 0}
  m_EnableWetMix: 0
  m_Bypass: 0
--- !u!243 &8084361353871926914
AudioMixerGroupController:
  m_ObjectHideFlags: 0
  m_CorrespondingSourceObject: {fileID: 0}
  m_PrefabInstance: {fileID: 0}
  m_PrefabAsset: {fileID: 0}
  m_Name: Hearing
  m_AudioMixer: {fileID: 24100000}
  m_GroupID: a3d6a5662ee1fe64582886e7b74a1983
  m_Children: []
  m_Volume: 300c1f7fc890b744fb6bc8d08040ad19
  m_Pitch: 075f0c67b25a49a4a98f7d9a45ec5817
  m_Send: 00000000000000000000000000000000
  m_Effects:
  - {fileID: 923543198649555931}
  m_UserColorIndex: 0
  m_Mute: 0
  m_Solo: 0
  m_BypassEffects: 0
